@article{lab_manual,
    author  = "Aaron Parsons",
    title   = "LAB 1: Exploring Digital Sampling, Fourier Filtering, and Heterodyne Mikers",
    year    = "2020",
    journal = "",
    volume  = "",
    number  = "",
    pages   = ""
}
